<bib>
<record>
<leader>01455nam a2200277uu 4500</leader>
<controlfield tag="003">cst</controlfield>
<controlfield tag="008">200915|||||||||enk                 eng||</controlfield>
<datafield tag="010" ind1=" " ind2=" ">
<subfield code="a">981811</subfield>
</datafield><datafield tag="020" ind1=" " ind2=" "><subfield code="a">0892816619
</subfield><subfield code="q">(hardcover)
</subfield>
</datafield><datafield tag="040" ind1=" " ind2=" "><subfield code="a">cst
</subfield><subfield code="b">eng
</subfield><subfield code="c">cst
</subfield><subfield code="e">rda
</subfield>
</datafield><datafield tag="050" ind1=" " ind2="0"><subfield code="a">R128.H5313
</subfield><subfield code="b">1998
</subfield>
</datafield><datafield tag="100" ind1="0" ind2=" "><subfield code="a">Hildegard
</subfield><subfield code="c">Saint,
</subfield><subfield code="d">1098-1179
</subfield><subfield code="0">http://id.loc.gov/authorities/names/n80118409
</subfield>
</datafield><datafield tag="245" ind1="1" ind2="0"><subfield code="a">Hildegard von Bingen's Physica
</subfield><subfield code="b">the complete English translation of her classic work on health and healing
</subfield><subfield code="c">translated from the Latin by Priscilla Throop ; illustrations by Mary Elder Jacobsen
</subfield>
</datafield><datafield tag="246" ind1="0" ind2=" "><subfield code="a">Physica
</subfield>
</datafield><datafield tag="264" ind1=" " ind2="1"><subfield code="a">Rochester (Vt.)
</subfield><subfield code="a">London (England)
</subfield><subfield code="b">Macmillan London
</subfield>
</datafield><datafield tag="300" ind1=" " ind2=" "><subfield code="a">250 pages
</subfield>
</datafield><datafield tag="300" ind1=" " ind2=" "><subfield code="c">24 cm
</subfield>
</datafield><datafield tag="336" ind1=" " ind2=" "><subfield code="c">txt
</subfield><subfield code="0">http://id.loc.gov/vocabulary/contentTypes/txt
</subfield><subfield code="2">rdacontent
</subfield>
</datafield><datafield tag="337" ind1=" " ind2=" "><subfield code="a">unmediated
</subfield><subfield code="c">n
</subfield><subfield code="0">http://id.loc.gov/vocabulary/mediaTypes/n
</subfield><subfield code="2">rdamedia
</subfield>
</datafield><datafield tag="338" ind1=" " ind2=" "><subfield code="a">volume
</subfield><subfield code="c">nc
</subfield><subfield code="0">http://id.loc.gov/vocabulary/carriers/nc
</subfield><subfield code="2">rdacarrier
</subfield>
</datafield><datafield tag="500" ind1=" " ind2=" "><subfield code="a">Includes index
</subfield>
</datafield><datafield tag="650" ind1=" " ind2="0"><subfield code="a">Medicine, Medieval
</subfield><subfield code="0">http://id.loc.gov/authorities/subjects/sh85083152
</subfield>
</datafield><datafield tag="655" ind1=" " ind2="0"><subfield code="a">Handbooks and manuals
</subfield><subfield code="0">http://id.loc.gov/authorities/genreForms/gf2014026109
</subfield><subfield code="2">lcgft
</subfield>
</datafield><datafield tag="700" ind1="1" ind2=" "><subfield code="a">Throop, Priscilla
</subfield><subfield code="d">1946-
</subfield><subfield code="0">http://id.loc.gov/authorities/names/n98031191
</subfield>
</datafield><datafield tag="700" ind1="1" ind2=" "><subfield code="a">Jacobsen, Mary Elder
</subfield><subfield code="0">http://id.loc.gov/authorities/names/no2012148249
</subfield>
</datafield><datafield tag="884" ind1=" " ind2=" "><subfield code="a">Sinopia rdf2marc
</subfield><subfield code="g">20210921
</subfield><subfield code="k">https://api.stage.sinopia.io/resource/3eb5f480-60d6-4732-8daf-02d8d6f26eb7
</subfield><subfield code="u">https://github.com/LD4P/rdf2marc
</subfield>
</datafield>
</record>
</bib>